
@online{skalnik_3d_2013,
	title = {3D File Diffs},
	url = {https://github.com/blog/1633-3d-file-diffs},
	abstract = {Back in April, we introduced the 3D file viewer. Today we're
improving this by displaying diffs of {STL} files on
{GitHub}.



There are two modes to figure out what you're looking at. By default, we s...},
	titleaddon = {{GitHub}},
	type = {Blog},
	author = {{skalnik}},
	urldate = {2015-11-18},
	date = {2013-08-17},
	file = {Snapshot:files/1101/1633-3d-file-diffs.html:text/html}
}

@online{olegshilovitsky_github_2013,
	title = {{GitHub} {\textbar} Daily {PLM} Think Tank Blog},
	url = {http://plmtwine.com/tag/github/},
	abstract = {Posts about {GitHub} written by olegshilovitsky},
	author = {{olegshilovitsky}},
	urldate = {2015-11-18},
	date = {2013-12-21},
	file = {Snapshot:files/1105/github.html:text/html}
}

@online{biggs_github_2013,
	title = {{GitHub} Adds 3D Modeling Features That Make It A Printer-Agnostic Choice For Object Sharing},
	url = {http://social.techcrunch.com/2013/09/18/github-adds-3d-modeling-features-that-make-it-a-printer-agnostic-choice-for-object-sharing/},
	abstract = {Github, everyone's favorite nerdery, added {STL} object file support - basically a system for uploading and rendering 3D models - in April. Now, however,..},
	titleaddon = {{TechCrunch}},
	author = {Biggs, John},
	urldate = {2015-11-18},
	date = {2013-09-18},
	file = {Snapshot:files/1103/github-adds-3d-modeling-features-that-make-it-a-printer-agnostic-choice-for-object-sharing.html:text/html}
}

@online{oleg_github_2013,
	title = {{GitHub} {PDM}: Is It For Real?},
	url = {http://beyondplm.com/2013/09/19/github-pdm-is-it-for-real/},
	shorttitle = {{GitHub} {PDM}},
	abstract = {{GitHub} is a well known social network for programmers. According to Wikipedia article, {GitHub} is a web-based hosting service for software development projects that use the Git revision control syst...},
	titleaddon = {Beyond {PLM} (Product Lifecycle Management) Blog},
	author = {{OLEG}},
	urldate = {2015-11-18},
	date = {2013-09-19},
	file = {Snapshot:files/1107/github-pdm-is-it-for-real.html:text/html}
}