@book{book_key,
	address = {City},
	publisher = {Publisher},
	author = {Smith, John},
	title = {Book title},
	year = {2012},
	volume = {3},
	series = {2},
	edition = {1},
	pages = {123--200},
	month = {January}
}

@article{article_key,
	address = {City},
	publisher = {Publisher},
	author = {Smith, James},
	title = {Article title},
	year = {2013},
	volume = {14},
	number = {6},
	pages = {1--8},
	month = {March}
}

@report{Spijker14a,
	author = {Jelle Spijker},
	title = {Optische kenmerken van grond gebruikt bij computer vision},
	type = {Literatuurstudie},
	institution = {HAN University of applied sciences},
	date = {2014},
}

@book{ypma_course_2014,
	title = {Course Notes {EVD}2},
	pagetotal = {71},
	publisher = {University of applied sciences},
	author = {Ypma, ir. P.A.C.},
	date = {2014-09-02}
}

@article{Xu2011956,
	title = "Characteristic analysis of Otsu threshold and its applications ",
	journal = "Pattern Recognition Letters ",
	volume = "32",
	number = "7",
	pages = "956 - 961",
	year = "2011",
	note = "",
	issn = "0167-8655",
	doi = "http://dx.doi.org/10.1016/j.patrec.2011.01.021",
	url = "http://www.sciencedirect.com/science/article/pii/S0167865511000365",
	author = "Xiangyang Xu and Shengzhou Xu and Lianghai Jin and Enmin Song",
	keywords = "Image segmentation",
	keywords = "Threshold selection",
	keywords = "Otsu criterion "
}

